<record><leader>00000cas a22000007a 4500</leader><controlfield tag="001">8801113</controlfield><controlfield tag="008">820923d18281837deucr ne      0    0eng  </controlfield><datafield ind1=" " ind2=" " tag="010"><subfield code="a">sn 82014936 </subfield></datafield><datafield ind1=" " ind2=" " tag="040"><subfield code="a">DLC</subfield><subfield code="b">eng</subfield><subfield code="c">DLC</subfield><subfield code="d">NPX</subfield><subfield code="d">DLC</subfield><subfield code="d">DEX</subfield><subfield code="d">CNW</subfield><subfield code="d">OCL</subfield><subfield code="d">OCLCO</subfield><subfield code="d">OCLCF</subfield><subfield code="d">CUS</subfield></datafield><datafield ind1=" " ind2=" " tag="042"><subfield code="a">msc</subfield></datafield><datafield ind1=" " ind2=" " tag="043"><subfield code="a">n-us-de</subfield></datafield><datafield ind1="0" ind2="0" tag="050"><subfield code="a">Newspaper 7276</subfield></datafield><datafield ind1=" " ind2="4" tag="050"><subfield code="a">AN13.W5</subfield></datafield><datafield ind1="0" ind2=" " tag="130"><subfield code="a">Delaware gazette and American watchman (Wilmington, Del. : 1828)</subfield></datafield><datafield ind1="0" ind2="0" tag="245"><subfield code="a">Delaware gazette and American watchman.</subfield></datafield><datafield ind1="0" ind2="0" tag="246"><subfield code="a">Delaware gazette &amp; American watchman</subfield></datafield><datafield ind1="1" ind2="3" tag="246"><subfield code="a">Gazette &amp; watchman</subfield></datafield><datafield ind1="1" ind2="0" tag="246"><subfield code="a">Gazette and watchman</subfield></datafield><datafield ind1=" " ind2=" " tag="260"><subfield code="a">Wilmington, Del. :</subfield><subfield code="b">Samuel Harker,</subfield><subfield code="c">1828-1837.</subfield></datafield><datafield ind1=" " ind2=" " tag="300"><subfield code="a">10 volumes :</subfield><subfield code="b">illustrations (chiefly advertisements) ;</subfield><subfield code="c">58 cm.</subfield></datafield><datafield ind1=" " ind2=" " tag="310"><subfield code="a">Semiweekly</subfield></datafield><datafield ind1=" " ind2=" " tag="336"><subfield code="a">text</subfield><subfield code="b">txt</subfield><subfield code="2">rdacontent</subfield></datafield><datafield ind1=" " ind2=" " tag="337"><subfield code="a">unmediated</subfield><subfield code="b">n</subfield><subfield code="2">rdamedia</subfield></datafield><datafield ind1=" " ind2=" " tag="338"><subfield code="a">volume</subfield><subfield code="b">nc</subfield><subfield code="2">rdacarrier</subfield></datafield><datafield ind1="0" ind2=" " tag="362"><subfield code="a">New ser., v. 9, no. 916 (Dec. 12, 1828)   ;   -v. 23, no. 2393 (Mar. 17, 1837).</subfield></datafield><datafield ind1=" " ind2=" " tag="500"><subfield code="a">Published as: Delaware gazette &amp; American watchman, June 1831-&lt;Dec. 14, 1832&gt;.</subfield></datafield><datafield ind1=" " ind2=" " tag="515"><subfield code="a">Issues for &lt;Jan. 9, 1829-Dec. 14, 1832&gt; also called: &lt;Vol. 15, no. 1534-v. 19, no. 1941&gt;.</subfield></datafield><datafield ind1=" " ind2=" " tag="580"><subfield code="a">Weekly ed.: Delaware gazette &amp; American watchman (Wilmington, Del. : 1833), 1833-183 .</subfield></datafield><datafield ind1=" " ind2="0" tag="651"><subfield code="a">Wilmington (Del.)</subfield><subfield code="v">Newspapers.</subfield></datafield><datafield ind1=" " ind2="7" tag="651"><subfield code="a">Delaware</subfield><subfield code="z">Wilmington.</subfield><subfield code="2">fast</subfield><subfield code="0">(OCoLC)fst01203983</subfield></datafield><datafield ind1=" " ind2="7" tag="655"><subfield code="a">Newspapers.</subfield><subfield code="2">fast</subfield><subfield code="0">(OCoLC)fst01423814</subfield></datafield><datafield ind1=" " ind2=" " tag="752"><subfield code="a">United States</subfield><subfield code="b">Delaware</subfield><subfield code="c">New Castle</subfield><subfield code="d">Wilmington.</subfield></datafield><datafield ind1="1" ind2=" " tag="775"><subfield code="t">Delaware gazette &amp; American watchman (Wilmington, Del. : 1833)</subfield><subfield code="w">(DLC)sn 93053843</subfield><subfield code="w">(OCoLC)27757300</subfield></datafield><datafield ind1="0" ind2="4" tag="780"><subfield code="t">Delaware patriot &amp; American watchman</subfield><subfield code="w">(DLC)sn 82014393</subfield><subfield code="w">(OCoLC)8773702</subfield></datafield><datafield ind1="0" ind2="4" tag="780"><subfield code="t">Delaware gazette (Wilmington, Del. : 1820)</subfield><subfield code="w">(DLC)sn 82016407</subfield><subfield code="w">(OCoLC)9311895</subfield></datafield><datafield ind1="0" ind2="5" tag="780"><subfield code="t">Delaware weekly advertiser and farmer's journal</subfield><subfield code="w">(DLC)sn 84020426</subfield><subfield code="w">(OCoLC)3039597</subfield></datafield><datafield ind1="0" ind2="0" tag="785"><subfield code="t">Delaware gazette (Wilmington, Del. : 1837)</subfield><subfield code="w">(DLC)sn 82014937</subfield><subfield code="w">(OCoLC)8801156</subfield></datafield><datafield ind1="1" ind2=" " tag="029"><subfield code="a">AU@</subfield><subfield code="b">000025824325</subfield></datafield></record>